@article{almTimeWellSpent1997,
  title = {Time Well Spent: The Declining Real Cost of Living in {{America}}},
  author = {Alm, Richard and Cox, W. Michael},
  date = {1997},
  journaltitle = {Annual Report},
  pages = {2--24},
  publisher = {Federal Reserve Bank of Dallas},
  langid = {english}
}

@article{groenewegenSOARINGEAGLEAlfred1995,
  title = {A {{SOARING EAGLE}}: {{Alfred Marshall}} 1842â€“1924},
  author = {Groenewegen, Peter},
  date = {1995},
  journaltitle = {Books},
  publisher = {Edward Elgar Publishing},
  langid = {english}
}

@book{hansenGuideKeynes1953,
  title = {A {{Guide}} to {{Keynes}}},
  author = {Hansen, Alvin},
  date = {1953},
  publisher = {McGraw-Hill Book Company},
  location = {New York}
}

@book{huttEconomistsPublicStudy1990,
  title = {Economists and the {{Public}}: {{A Study}} of {{Competition}} and {{Opinion}}},
  author = {Hutt, William Harold},
  date = {1990-01-01},
  publisher = {Transaction Publishers},
  isbn = {978-1-4128-2218-3},
  langid = {english},
  pagetotal = {392}
}

@book{jevonsMoneyMechanismExchange1893,
  title = {Money and the {{Mechanism}} of {{Exchange}}},
  author = {Jevons, W. Stanley},
  date = {1893},
  publisher = {{D. Appleton and Company}},
  location = {New York}
}

@book{jevonsTheoryPoliticalEconomy,
  title = {Theory of {{Political Economy}}},
  author = {Jevons, W. Stanley},
  edition = {2nd edition},
  publisher = {{Macmillan and Company}},
  location = {London}
}

@book{keynesGeneralTheoryEmployment1936,
  title = {The {{General Theory}} of {{Employment Interest}} and {{Money}}},
  author = {Keynes, John Maynard},
  date = {1936},
  publisher = {Harcourt, Brace \& World, Inc.},
  location = {New York}
}

@inbook{laidlerAlfredMarshallDevelopment1990,
  title = {Alfred {{Marshall}} and the {{Development}} of {{Monetary Economics}}},
  booktitle = {Centenary {{Essays}} on {{Alfred Marshall}}},
  author = {Laidler, David},
  date = {1990-06-29},
  eprint = {1Y3UP9YoYpUC},
  eprinttype = {googlebooks},
  publisher = {Cambridge University Press},
  bookauthor = {Whitaker, John K.},
  isbn = {978-0-521-38133-8},
  langid = {english}
}

@incollection{lockeConsiderationsConsequencesLowering1991,
  title = {Some {{Considerations}} of the {{Consequences}} of the {{Lowering}} of {{Interest}}, and {{Raising}} the {{Value}} of {{Money}}},
  booktitle = {John {{Locke}}: {{Locke}} on {{Money}}},
  author = {Locke, John},
  editor = {Patrick, Kelly},
  date = {1991},
  publisher = {Clarendon Press},
  location = {Oxford}
}

@incollection{malthusPrinciplesPoliticalEconomy1989,
  title = {Principles of {{Political Economy}}, 2nd Edition},
  booktitle = {Principles of {{Political Economy}}, {{Variorum Edition}}, {{Volume II}}},
  author = {Malthus, T. R.},
  editor = {Pullen, John},
  date = {1989},
  edition = {2nd edition},
  publisher = {Cambridge University Press},
  location = {Cambridge}
}

@book{marshallPrinciplesEconomics1920,
  title = {Principles of {{Economics}}},
  author = {Marshall, Alfred},
  date = {1920},
  edition = {8th edition},
  publisher = {{Macmillan and Company}},
  location = {London}
}

@incollection{marshallRemediesFluctuationsGeneral1925,
  title = {Remedies for {{Fluctuations}} of {{General Prices}}},
  booktitle = {Memorials of {{Alfred Marshall}}},
  author = {Marshall, Alfred},
  editor = {Pigou, A.C.},
  date = {1925},
  publisher = {Macmillan \& Company},
  location = {London},
  annotation = {in Contemporary Review, March}
}

@book{milPrinciplesPoliticalEconomy1929,
  title = {Principles of {{Political Economy}}},
  author = {Mil, John Stuart},
  date = {1929},
  edition = {New Edition},
  publisher = {{Longmans, Green and Company}},
  location = {London}
}

@book{myintTheoriesWelfareEconomics1948,
  title = {Theories of {{Welfare Economics}}},
  author = {Myint, Hla},
  date = {1948},
  publisher = {{London School of Economics and Political Science}},
  location = {London},
  annotation = {Reprinted New York: Augustus M. Kelley, 1965}
}

@article{perskyMarshallsNeoClassicalLaborValues1999,
  title = {Marshall's {{Neo-Classical Labor-Values}}},
  author = {Persky, Joseph},
  date = {1999-09},
  journaltitle = {Journal of the History of Economic Thought},
  shortjournal = {J Hist Econ Thought},
  volume = {21},
  number = {3},
  pages = {257--268},
  issn = {1053-8372, 1469-9656},
  doi = {10.1017/S1053837200004259},
  langid = {english}
}

@incollection{ricardoPrinciplesPoliticalEconomy1951,
  title = {On the {{Principles}} of {{Political Economy}} and {{Taxation}}, 3rd Edition},
  booktitle = {The {{Works}} and {{Correspondence}} of {{David Ricardo}}: {{Volume I}}},
  author = {Ricardo, David},
  editor = {Sraffa, Piero},
  date = {1951},
  publisher = {Cambridge University Press},
  location = {Cambridge}
}

@book{roscherPrinciplesPoliticalEconomy1882,
  title = {Principles of {{Political Economy}}},
  author = {Roscher, Wilhelm},
  translator = {Lalor, John H.},
  date = {1882},
  edition = {13th edition},
  publisher = {{Callaghan and Company}},
  location = {Chicago}
}

@book{smithWealthNations1937,
  title = {The {{Wealth}} of {{Nations}}},
  author = {Smith, Adam},
  editor = {Cannan, Edwin},
  date = {1937},
  publisher = {Modern Library},
  location = {New York}
}

@book{tookeHistoryPricesState1838,
  title = {A {{History}} of {{Prices}}, and the {{State}} of {{Circulation}}, from 1793 to 1837: {{Vol}}. {{I}}},
  author = {Tooke, Thomas},
  date = {1838},
  annotation = {Reprinted London: P.S. King and Son, Ltd., 1928.}
}

@book{ubseconomicresearchPricesEarningsGlobe1997,
  title = {Prices and {{Earnings Around}} the {{Globe}}},
  author = {{UBS Economic Research}},
  date = {1997},
  publisher = {Union Bank of Switzerland},
  location = {Zurich}
}

@book{walshMeasurementGeneralExchangeValue1901,
  title = {The {{Measurement}} of {{General Exchange-Value}}},
  author = {Walsh, Correa Moylan},
  date = {1901},
  publisher = {The Macmillan Company},
  location = {New York}
}

@book{whitakerHistoryCriticismLabor1968,
  title = {History and {{Criticism}} of the {{Labor Theory}} of {{Value}}},
  author = {Whitaker, Albert},
  date = {1968},
  publisher = {Augustus M. Kelley},
  location = {New York}
}
