@article{CaiJiMingBiJiaoLiYiShuoYuGuangYiJieZhiLun1987,
  title = {比较利益说与广义价值论},
  author = {{蔡继明}},
  date = {1987-03-20},
  journaltitle = {南开经济研究所季刊},
  number = {1},
  pages = {6--12,38}
}

@article{CaiJiMingBiJiaoLiYiShuoYuLaoDongJieZhiLun1985,
  title = {比较利益说与劳动价值论},
  author = {{蔡继明}},
  date = {1985},
  journaltitle = {河南大学学报（哲学社会科学版）},
  number = {6},
  pages = {11--16},
  issn = {1000-5242},
  doi = {10.15991/j.cnki.411028.1985.06.004},
  langid = {chinese},
  annotation = {download: 207\\
dbcode: CJFQ\\
dbname: CJFD8589\\
filename: HNDS198506003}
}

@article{CaiJiMingBiYaoLaoDongIHeBiYaoLaoDongIIGongTongJueDingJieZhi1995,
  title = {必要劳动Ⅰ和必要劳动Ⅱ共同决定价值},
  author = {{蔡继明} and {白丽健}},
  date = {1995},
  journaltitle = {学术月刊},
  number = {9},
  pages = {27--35},
  doi = {10.19862/j.cnki.xsyk.1995.09.004},
  langid = {chinese},
  annotation = {download: 223\\
CLC: F014.1\\
dbcode: CJFQ\\
dbname: CJFD9495\\
filename: XSYK199509003}
}

@article{CaiJiMingCongGuDianDaoXianDaiZhengZhiJingJiXueGaiNianDeYanBianJianPingXinZhengZhiJingJiXueDeFaZhan2012,
  title = {从古典到现代：政治经济学概念的演变——兼评新政治经济学的发展},
  author = {{蔡继明} and {王成伟}},
  date = {2012},
  journaltitle = {经济学家},
  number = {9},
  pages = {5--12},
  issn = {1003-5656},
  doi = {10.16158/j.cnki.51-1312/f.2012.09.009},
  langid = {chinese},
  annotation = {download: 1864\\
CLC: F091.3\\
CNKICite: (\\
dbcode: CJFQ\\
dbname: CJFD2012\\
filename: JJXJ201209003}
}

@book{CaiJiMingCongGuDianZhengZhiJingJiXueDaoZhongGuoTeSeSheHuiZhuYiZhengZhiJingJiXueJiYuZhongGuoShiJiaoDeZhengZhiJingJiXueYanBianShangCe2023,
  title = {从古典政治经济学到中国特色社会主义政治经济学：基于中国视角的政治经济学演变（上册）},
  author = {{蔡继明} and {清华大学“中国特色社会主义政治经济学探索”课题组}},
  date = {2023-08},
  edition = {2023年7月第1版},
  publisher = {中信出版集团},
  isbn = {978-7-5217-5104-8},
  langid = {chinese}
}

@book{CaiJiMingCongGuDianZhengZhiJingJiXueDaoZhongGuoTeSeSheHuiZhuYiZhengZhiJingJiXueJiYuZhongGuoShiJiaoDeZhengZhiJingJiXueYanBianXiaCe2023,
  title = {从古典政治经济学到中国特色社会主义政治经济学：基于中国视角的政治经济学演变（下册）},
  author = {{蔡继明} and {清华大学“中国特色社会主义政治经济学探索”课题组}},
  date = {2023-08},
  edition = {2023年7月第1版},
  publisher = {中信出版集团},
  isbn = {978-7-5217-5628-9},
  langid = {chinese}
}

@book{CaiJiMingCongXiaYiJieZhiLunDaoGuangYiJieZhiLunXiuDingBan2022,
  title = {从狭义价值论到广义价值论（修订版）},
  author = {蔡继明},
  date = {2022-10},
  edition = {2022年10月第1版},
  publisher = {商务印书馆},
  isbn = {978-7-100-20747-8},
  pagetotal = {363}
}

@article{CaiJiMingFeiLaoDongShengChanYaoSuCanYuFenPeiBuDengYuBoXue2003,
  title = {非劳动生产要素参与分配不等于剥削},
  author = {{蔡继明}},
  date = {2003},
  journaltitle = {中共中央党校学报},
  number = {1},
  pages = {50--55},
  issn = {1007-5801},
  url = {https://kns.cnki.net/KCMS/detail/detail.aspx?dbcode=CJFQ&dbname=CJFD2003&filename=ZGXB200301008},
  urldate = {2025-02-23},
  langid = {chinese},
  annotation = {download: 560\\
CLC: F014.2\\
dbcode: CJFQ\\
dbname: CJFD2003\\
filename: ZGXB200301008}
}

@article{CaiJiMingFenGongTiXiYuGuangYiJieZhiJueDing2012,
  title = {分工体系与广义价值决定},
  author = {{蔡继明} and {李亚鹏} and {林森}},
  date = {2012},
  journaltitle = {南开经济研究},
  number = {6},
  pages = {3--14},
  issn = {1001-4691},
  doi = {10.14116/j.nkes.2012.06.009},
  langid = {chinese},
  annotation = {download: 423\\
CLC: F014.2;F014.31\\
dbcode: CJFQ\\
dbname: CJFD2012\\
filename: NKJJ201206002}
}

@book{CaiJiMingGuangYiJieZhiLun2001,
  title = {广义价值论},
  author = {{蔡继明} and {李仁君}},
  date = {2001-09-01},
  edition = {2001年9月第1版},
  publisher = {经济科学出版社},
  isbn = {978-7-5058-2628-1}
}

@article{CaiJiMingGuangYiJieZhiLunChuTan1988,
  title = {广义价值论初探},
  author = {{蔡继明}},
  date = {1988},
  journaltitle = {商业经济与管理},
  number = {2},
  pages = {80--84},
  issn = {1000-2154},
  url = {https://kns.cnki.net/KCMS/detail/detail.aspx?dbcode=CJFQ&dbname=CJFD8589&filename=SYJG198802024},
  urldate = {2025-02-23},
  langid = {chinese},
  annotation = {original-container-title: Journal of Business Economics\\
download: 284\\
dbcode: CJFQ\\
dbname: CJFD8589\\
filename: SYJG198802024\\
publicationTag: 北大核心, CSSCI, AMI核心\\
CIF: 3.983\\
AIF: 2.407}
}

@article{CaiJiMingGuangYiJieZhiLunDeJiChuJiTuiGuangJianDaGuangYiJieZhiLunDePiPingZhe2009,
  title = {广义价值论的基础及推广——兼答广义价值论的批评者},
  author = {{蔡继明} and {江永基}},
  date = {2009},
  journaltitle = {经济评论},
  number = {6},
  pages = {131--137},
  issn = {1005-3425},
  doi = {10.19361/j.er.2009.06.015},
  langid = {chinese},
  annotation = {download: 511\\
CLC: F014.3\\
dbcode: CJFQ\\
dbname: CJFD2009\\
filename: JJPL200906017}
}

@article{CaiJiMingGuanJianShiNongQingFeiLaoDongShengChanYaoSuDeZuoYongYeTanShenHuaDuiLaoDongJieZhiLunDeRenShi2001,
  title = {关键是弄清非劳动生产要素的作用——也谈深化对劳动价值论的认识},
  author = {{蔡继明}},
  date = {2001},
  journaltitle = {学术月刊},
  number = {10},
  pages = {44--49},
  doi = {10.19862/j.cnki.xsyk.2001.10.007},
  langid = {chinese},
  annotation = {download: 446\\
CLC: F014.3\\
dbcode: CJFQ\\
dbname: CJFD2001\\
filename: XSYK200110006}
}

@article{CaiJiMingJieZhiLiLunChuangXinYuXinShiJiSiXiangJieFangCongSiXiangJieFangDeJinChengTanJieZhiLiLunChuangXinDeBiYao2003,
  title = {价值理论创新与新世纪思想解放——从思想解放的进程谈价值理论创新的必要},
  author = {{蔡继明}},
  date = {2003},
  journaltitle = {当代经济研究},
  number = {7},
  pages = {7--9, 15--73},
  issn = {1005-2674},
  url = {https://kns.cnki.net/KCMS/detail/detail.aspx?dbcode=CJFQ&dbname=CJFD2003&filename=DDJJ200307001},
  urldate = {2025-02-23},
  langid = {chinese},
  annotation = {download: 300\\
CLC: F014.3\\
dbcode: CJFQ\\
dbname: CJFD2003\\
filename: DDJJ200307001}
}

@article{CaiJiMingJinChuKouPianXiangXingJiShuJinBuDeXiaoYingJiLuJingXuanZeLiLunMoXingYuJingYanJianYan2023,
  title = {进出口偏向型技术进步的效应及路径选择：理论模型与经验检验},
  author = {{蔡继明} and {曹越洋} and {刘乐易}},
  date = {2023},
  journaltitle = {国际贸易问题},
  number = {7},
  pages = {1--17},
  issn = {1002-4670},
  doi = {10.13510/j.cnki.jit.2023.07.002},
  langid = {chinese},
  annotation = {foundation: 国家社科基金重大项目“中国特色社会主义政治经济学探索”(16ZDA241)； 清华大学自主科研项目“中国特色社会主义政治经济学探索”(20165080065)；\\
download: 874\\
CLC: F752.6\\
dbcode: CJFQ\\
dbname: CJFDLAST2023\\
filename: GJMW202307001}
}

@article{CaiJiMingJiShuJinBuJingJiZengChangYuJieZhiZongLiangZhiMiJiYuGuangYiJieZhiLunDeJieShi2019,
  title = {技术进步、经济增长与“价值总量之谜”——基于广义价值论的解释},
  author = {{蔡继明} and {钟一瑞} and {高宏}},
  date = {2019},
  journaltitle = {经济学家},
  number = {9},
  pages = {25--34},
  issn = {1003-5656},
  doi = {10.16158/j.cnki.51-1312/f.2019.09.003},
  langid = {chinese},
  annotation = {foundation: 国家社会科学基金重大项目“中国特色社会主义政治经济学探索”（16ZDA241）； 清华大学自主科研项目“中国特色社会主义政治经济学探索”（20165080065)；\\
download: 1232\\
CLC: F014\\
dbcode: CJFQ\\
dbname: CJFDLAST2019\\
filename: JJXJ201909004}
}

@article{CaiJiMingJiYuGuangYiJieZhiLunDeGongNengXingFenPeiLiLun2010,
  title = {基于广义价值论的功能性分配理论},
  author = {{蔡继明} and {江永基}},
  date = {2010},
  journaltitle = {经济研究},
  volume = {45},
  number = {6},
  pages = {132--142},
  issn = {0577-9154},
  url = {https://kns.cnki.net/KCMS/detail/detail.aspx?dbcode=CJFQ&dbname=CJFD2010&filename=JJYJ201006012},
  urldate = {2025-02-23},
  langid = {chinese},
  annotation = {download: 1853\\
CLC: F273\\
dbcode: CJFQ\\
dbname: CJFD2010\\
filename: JJYJ201006012}
}

@article{CaiJiMingJiYuGuangYiJieZhiLunDeNeiShengZengChangLiLunChuTan2021,
  title = {基于广义价值论的内生增长理论初探},
  author = {{蔡继明} and {钟一瑞} and {高宏}},
  date = {2021},
  journaltitle = {南方经济},
  number = {6},
  pages = {1--19},
  issn = {1000-6249},
  doi = {10.19592/j.cnki.scje.390015},
  langid = {chinese},
  annotation = {foundation: 国家社科基金重大项目“中国特色社会主义政治经济学探索”(16ZDA241)； 清华大学自主科研项目“中国特色社会主义政治经济学探索”(20165080065)的资助；\\
download: 1051\\
CLC: F061.2\\
dbcode: CJFQ\\
dbname: CJFDLAST2021\\
filename: NFJJ202106001}
}

@article{CaiJiMingJiYuGuangYiJieZhiLunDeYiBanJunHengDeCunZaiXingWeiYiXingHeWenDingXing2023,
  title = {基于广义价值论的一般均衡的存在性、唯一性和稳定性},
  author = {{蔡继明} and {江永基} and {陈臣}},
  date = {2023},
  journaltitle = {中国经济问题},
  number = {5},
  pages = {1--16},
  issn = {1000-4181},
  doi = {10.19365/j.issn1000-4181.2023.05.01},
  langid = {chinese},
  annotation = {foundation: 国家社科基金重大项目(16ZDA241)；\\
download: 198\\
CLC: F014.3\\
dbcode: CJFQ\\
dbname: CJFDLAST2024\\
filename: ZJJW202305001}
}

@article{CaiJiMingLingYiZhongKeGongXuanZeDeJieZhiLiLun2004,
  title = {另一种可供选择的价值理论},
  author = {{蔡继明}},
  date = {2004},
  journaltitle = {数量经济技术经济研究},
  number = {1},
  pages = {51--61},
  issn = {1000-3894},
  url = {https://kns.cnki.net/KCMS/detail/detail.aspx?dbcode=CJFQ&dbname=CJFD2004&filename=SLJY200401005},
  urldate = {2025-02-23},
  langid = {chinese},
  annotation = {download: 369\\
CLC: F014.3\\
dbcode: CJFQ\\
dbname: CJFD2004\\
filename: SLJY200401005}
}

@article{CaiJiMingLongDuanHeJingZhengXingYeDeBiJiaoShengChanLiYuShouRuChaiJuJiYuGuangYiJieZhiLunDeFenXi2014,
  title = {垄断和竞争行业的比较生产力与收入差距——基于广义价值论的分析},
  author = {{蔡继明} and {高宏}},
  date = {2014},
  journaltitle = {学术月刊},
  volume = {46},
  number = {4},
  pages = {60--70},
  issn = {0439-8041},
  doi = {10.19862/j.cnki.xsyk.2014.04.006},
  langid = {chinese},
  annotation = {download: 332\\
CLC: F124.7\\
dbcode: CJFQ\\
dbname: CJFD2014\\
filename: XSYK201404006}
}

@article{CaiJiMingLunFeiLaoDongShengChanYaoSuCanYuFenPeiDeJieZhiJiChu2001,
  title = {论非劳动生产要素参与分配的价值基础},
  author = {{蔡继明}},
  date = {2001},
  journaltitle = {经济研究},
  number = {12},
  pages = {27--32},
  issn = {0577-9154},
  url = {https://kns.cnki.net/KCMS/detail/detail.aspx?dbcode=CJFQ&dbname=CJFD2001&filename=JJYJ200112003},
  urldate = {2025-02-23},
  langid = {chinese},
  annotation = {download: 1601\\
CLC: F014.4\\
dbcode: CJFQ\\
dbname: CJFD2001\\
filename: JJYJ200112003}
}

@article{CaiJiMingLunFeiWuZhiShengChanLingYuDeLaoDongTongYangChuangZaoJieZhi1995,
  entrysubtype = {newspaper},
  title = {论非物质生产领域的劳动同样创造价值},
  author = {{蔡继明}},
  date = {1995-07-05},
  journaltitle = {人民日报},
  url = {https://eproxy.lib.tsinghua.edu.cn/https/5lQAvhMXO1Grr9wzfLizur53ppYTSO2NlB53CtSZ2E/rmrb/19950705/11/1fcc138d49a9481f911ea307c068fa80_print.html},
  urldate = {2025-02-24}
}

@article{CaiJiMingLunFenGongYuJiaoHuanDeQiYuanHeJiaoHuanBiLiDeQueDingGuangYiJieZhiLunGangShang1999,
  title = {论分工与交换的起源和交换比例的确定——广义价值论纲(上)},
  author = {{蔡继明}},
  date = {1999},
  journaltitle = {南开学报},
  number = {1},
  pages = {30--40},
  issn = {1001-4667},
  langid = {chinese},
  annotation = {download: 819\\
CLC: F014.31\\
dbcode: CJFQ\\
dbname: CJFD9899\\
filename: LKXB199901004}
}

@article{CaiJiMingLunGuangYiJieZhiLunJiBenDingLiJiGuangYiJieZhiYuLaoDongJieZhiDeGuanXiGuangYiJieZhiLunGangXia1999,
  title = {论广义价值论基本定理及广义价值与劳动价值的关系——广义价值论纲(下)},
  author = {{蔡继明}},
  date = {1999},
  journaltitle = {南开学报},
  number = {2},
  pages = {18--28},
  issn = {1001-4667},
  url = {https://kns.cnki.net/KCMS/detail/detail.aspx?dbcode=CJFQ&dbname=CJFD9899&filename=LKXB902.002},
  urldate = {2025-02-23},
  langid = {chinese},
  annotation = {download: 570\\
CLC: F014\\
dbcode: CJFQ\\
dbname: CJFD9899\\
filename: LKXB902.002}
}

@article{CaiJiMingLunJieZhiJueDingYuJieZhiFenPeiDeTongYi2003,
  title = {论价值决定与价值分配的统一},
  author = {{蔡继明}},
  date = {2003},
  journaltitle = {政治经济学评论},
  number = {1},
  pages = {82--96},
  url = {https://kns.cnki.net/KCMS/detail/detail.aspx?dbcode=CJFQ&dbname=CJFD2003&filename=ZZJP200301007},
  urldate = {2025-02-23},
  langid = {chinese},
  annotation = {download: 245\\
CLC: F014.3\\
dbcode: CJFQ\\
dbname: CJFD2003\\
filename: ZZJP200301007}
}

@article{CaiJiMingLunJiShuJinBuDuiMaoYiMoShiHeMaoYiLiYiDeYingXiangYiGeBuTongYuSaMouErSenDeFenXiKuangJia2021,
  title = {论技术进步对贸易模式和贸易利益的影响——一个不同于萨缪尔森的分析框架},
  author = {{蔡继明} and {陈臣} and {王勇} and {高宏} and {王康}},
  date = {2021},
  journaltitle = {国际贸易问题},
  number = {12},
  pages = {1--18},
  issn = {1002-4670},
  doi = {10.13510/j.cnki.jit.2021.12.005},
  langid = {chinese},
  annotation = {foundation: 国家社会科学基金重大项目“中国特色社会主义政治经济学探索”(16ZDA241)； 清华大学自主科研项目“中国特色社会主义政治经济学探索”(20165080065)；\\
download: 1042\\
CLC: F752.7;F757.12\\
dbcode: CJFQ\\
dbname: CJFDLAST2022\\
filename: GJMW202112001}
}

@article{CaiJiMingLunSanZhongJieZhiJueDingLunDeTongYi1993,
  title = {论三种价值决定论的统一},
  author = {{蔡继明}},
  date = {1993},
  journaltitle = {南开学报},
  number = {1},
  pages = {14--22}
}

@article{CaiJiMingLunShuJuYaoSuAnGongXianCanYuFenPeiDeJieZhiJiChuJiYuGuangYiJieZhiLunDeShiJiao2023,
  title = {论数据要素按贡献参与分配的价值基础——基于广义价值论的视角},
  author = {{蔡继明} and {曹越洋} and {刘乐易}},
  date = {2023},
  journaltitle = {数量经济技术经济研究},
  volume = {40},
  number = {8},
  pages = {5--24},
  issn = {1000-3894},
  doi = {10.13653/j.cnki.jqte.20230627.005},
  langid = {chinese},
  annotation = {foundation: 国家社科基金重大项目（16ZDA241）； 清华大学自主科研项目（20165080065)的资助；\\
download: 2734\\
CLC: F124.7;F49\\
dbcode: CJFQ\\
dbname: CJFDLAST2023\\
filename: SLJY202308001}
}

@article{CaiJiMingShuJuYaoSuCanYuJieZhiChuangZaoDeTuJingJiYuGuangYiJieZhiLunDeYiBanJunHengFenXi2022,
  title = {数据要素参与价值创造的途径——基于广义价值论的一般均衡分析},
  author = {{蔡继明} and {刘媛} and {高宏} and {陈臣}},
  date = {2022},
  journaltitle = {管理世界},
  volume = {38},
  number = {7},
  pages = {108--121},
  issn = {1002-5502},
  doi = {10.19744/j.cnki.11-1235/f.2022.0096},
  langid = {chinese},
  annotation = {foundation: 国家社科基金重大项目“中国特色社会主义政治经济学探索”（16ZDA241）； 清华大学自主科研项目“中国特色社会主义政治经济学探索”（20165080065）的资助；\\
download: 10745\\
CLC: F49\\
dbcode: CJFQ\\
dbname: CJFDLAST2022\\
filename: GLSJ202207009}
}

@article{CaiJiMingXinZhiShengChanLiCanYuJieZhiChuangZaoDeLiLunTanTaoHeShiJianYingYong2024,
  title = {新质生产力参与价值创造的理论探讨和实践应用},
  author = {{蔡继明} and {高宏}},
  date = {2024},
  journaltitle = {经济研究},
  volume = {59},
  number = {6},
  pages = {15--28},
  issn = {0577-9154},
  langid = {chinese},
  annotation = {foundation: 清华大学自主科研项目“数据要素按贡献参与分配的价值基础”（20235080024）的支持；\\
download: 5362\\
CLC: F014.1\\
dbcode: CJFQ\\
dbname: CJFDLAST2024\\
filename: JJYJ202406002}
}

@article{CaiJiMingXinZhiShengChanLiDeFaZhanDuiJieZhiChuangZaoHeJingJiZengChangDeGongXian2024,
  title = {新质生产力的发展对价值创造和经济增长的贡献},
  author = {{蔡继明}},
  date = {2024},
  journaltitle = {中国党政干部论坛},
  number = {4},
  pages = {28--32},
  issn = {1006-0391},
  doi = {10.14117/j.cnki.cn11-3331/d.2024.04.012},
  langid = {chinese},
  annotation = {foundation: 清华大学自主科研项目：数据要素按贡献参与分配的价值基础〈项目编号20235080024〉阶段性成果；\\
download: 342\\
CLC: F124\\
dbcode: CJFQ\\
dbname: CJFDLAST2024\\
filename: ZGDZ202404006}
}

@article{CaiJiMingYiZhiLaoDongFenGongHeBaoChouJueDingYiGeLongDuanJingZhengMoXing2014,
  title = {异质劳动、分工和报酬决定:一个垄断竞争模型},
  author = {{蔡继明} and {高宏} and {李亚鹏}},
  date = {2014},
  journaltitle = {中国经济问题},
  number = {1},
  pages = {3--12},
  issn = {1000-4181},
  doi = {10.19365/j.issn1000-4181.2014.01.001},
  langid = {chinese},
  annotation = {download: 668\\
CLC: F014.2;F224\\
dbcode: CJFQ\\
dbname: CJFD2014\\
filename: ZJJW201401001}
}

@article{CaiJiMingZhongGuoChengXiangBiJiaoShengChanLiYuXiangDuiShouRuChaiBie1998,
  title = {中国城乡比较生产力与相对收入差别},
  author = {{蔡继明}},
  date = {1998},
  journaltitle = {经济研究},
  number = {1},
  pages = {13--21},
  issn = {0577-9154},
  url = {https://kns.cnki.net/KCMS/detail/detail.aspx?dbcode=CJFQ&dbname=CJFD9899&filename=JJYJ801.001},
  urldate = {2025-02-23},
  langid = {chinese},
  annotation = {download: 2255\\
CLC: F124.7\\
dbcode: CJFQ\\
dbname: CJFD9899\\
filename: JJYJ801.001}
}

@article{CaiJiMingZhuanYeHuaFenGongYuGuangYiJieZhiLunJiYuXiaoFeiShengChanZheLiangJieDuanJueCeFangFaDeXinKuangJia2013,
  title = {专业化分工与广义价值论——基于消费—生产者两阶段决策方法的新框架},
  author = {{蔡继明} and {江永基}},
  date = {2013},
  journaltitle = {经济研究},
  volume = {48},
  number = {7},
  pages = {132--142},
  issn = {0577-9154},
  url = {https://kns.cnki.net/KCMS/detail/detail.aspx?dbcode=CJFQ&dbname=CJFDLAST2015&filename=JJYJ201307011},
  urldate = {2025-02-23},
  langid = {chinese},
  annotation = {download: 1401\\
CLC: F224;F014\\
dbcode: CJFQ\\
dbname: CJFDLAST2015\\
filename: JJYJ201307011}
}

@book{ChenDaiSunCongGuDianJingJiXuePaiDaoMaKeSiRuoGanZhuYaoXueShuoFaZhanLueLun2014,
  title = {从古典经济学派到马克思：若干主要学说发展略论},
  author = {{陈岱孙}},
  date = {2014-04},
  edition = {2014年4月第1版},
  publisher = {商务印书馆},
  isbn = {978-7-100-09928-8},
  langid = {chinese}
}

@book{ChenDeDiGuoFangJingJiDaCiDian2001,
  title = {国防经济大辞典},
  author = {{陈德第} and {李轴} and {库桂生}},
  date = {2001},
  publisher = {军事科学出版社},
  location = {北京},
  origtitle = {Gross Domestic Product}
}

@article{ChengEnFuChongJianZhongGuoJingJiXueChaoYueMaKeSiYuXiFangJingJiXue2000,
  title = {重建中国经济学:超越马克思与西方经济学},
  author = {{程恩富}},
  date = {2000},
  journaltitle = {学术月刊},
  number = {2},
  pages = {75--82, 89},
  doi = {10.19862/j.cnki.xsyk.2000.02.012},
  langid = {chinese},
  annotation = {download: 1149\\
CLC: F0-0\\
CNKICite: (\\
dbcode: CJFQ\\
dbname: CJFD2000\\
filename: XSYK200002011}
}

@book{DaWei*LiJiaTuZhengZhiJingJiXueJiFuShuiYuanLi2021,
  title = {政治经济学及赋税原理},
  author = {{大卫·李嘉图}},
  translator = {{郭大力} and {王亚南}},
  date = {2021-10},
  edition = {2021年10月第1版},
  publisher = {商务印书馆},
  isbn = {978-7-100-20248-0},
  langid = {chinese}
}

@article{DingXiaoPingZhengQueLiJieMaKeSiZhuYiDeShengChanLiGaiNian2021,
  title = {正确理解马克思主义的生产力概念},
  author = {{丁小平}},
  date = {2021},
  journaltitle = {才智},
  number = {7},
  pages = {1--8},
  issn = {1673-0208},
  url = {https://kns.cnki.net/KCMS/detail/detail.aspx?dbcode=CJFN&dbname=CJFDLASN2021&filename=CAIZ202107001},
  urldate = {2025-03-03},
  langid = {chinese},
  annotation = {download: 451\\
CLC: F014.1\\
dbcode: CJFN\\
dbname: CJFDLASN2021\\
filename: CAIZ202107001}
}

@article{GaoFanXinZhiShengChanLiDeTiChuLuoJiDuoWeiNeiHanJiShiDaiYiYi2023,
  title = {“新质生产力”的提出逻辑、多维内涵及时代意义},
  author = {{高帆}},
  date = {2023},
  journaltitle = {政治经济学评论},
  volume = {14},
  number = {6},
  pages = {127--145},
  issn = {1674-7542},
  doi = {10.3969/j.issn.1674-7542.2023.06.007},
  langid = {chinese},
  annotation = {foundation: 国家社会科学基金重大项目“全面建成小康社会背景下新型城乡关系研究”(项目编号:17ZDA066)的阶段性成果；\\
download: 53595\\
CLC: F124\\
dbcode: CJFQ\\
dbname: CJFDLAST2023\\
filename: ZZJP202306007}
}

@article{GuShuTangQiuJieJieZhiZongLiangZhiMiLiangTiaoSiLuDeBiJiao2002,
  title = {求解价值总量之“谜”两条思路的比较},
  author = {{谷书堂}},
  date = {2002},
  journaltitle = {南开学报},
  number = {1},
  pages = {6--8},
  issn = {1001-4667},
  langid = {chinese},
  annotation = {download: 314\\
CLC: F014.3\\
CNKICite: (\\
dbcode: CJFQ\\
dbname: CJFD2002\\
filename: LKXB200201003}
}

@article{HuangXinZhongGuoZhiZaoQiangJinZhuangGuYouDaXiangQiang2024,
  entrysubtype = {newspaper},
  title = {中国制造强筋壮骨由大向强},
  author = {{黄鑫}},
  date = {2024-09-23},
  journaltitle = {经济日报},
  pages = {9},
  doi = {10.28425/n.cnki.njjrb.2024.006545},
  langid = {chinese}
}

@article{jiangyongjiCompleteDivisionLabour2015,
  title = {Complete {{Division}} of {{Labour}} and {{Generalized Theory}} of {{Value}}: {{A New Framework Based}} on {{Agents}}’ {{Two-Stage Decisions}}},
  author = {{Jiang Yongji}},
  date = {2015-09-30},
  journaltitle = {Post Keynesian Review},
  volume = {3},
  number = {1},
  pages = {1--15},
  issn = {2187-4875},
  langid = {american}
}

@article{LinGangGuanYuSheHuiBiYaoLaoDongShiJianYiJiLaoDongShengChanLuYuJieZhiLiangGuanXiWenTiDeTanTao2005,
  title = {关于社会必要劳动时间以及劳动生产率与价值量关系问题的探讨},
  author = {{林岗}},
  date = {2005},
  journaltitle = {教学与研究},
  number = {7},
  pages = {52--58},
  issn = {0257-2826},
  doi = {10.3969/j.issn.0257-2826.2005.07.009},
  langid = {chinese},
  annotation = {download: 1706\\
CLC: F014.2\\
CNKICite: (\\
dbcode: CJFQ\\
dbname: CJFD2005\\
filename: JWDP200507008}
}

@book{LiQiangZhengFuGongZuoBaoGao2024Nian3Yue5RiZaiDiShiSiJieQuanGuoRenMinDaiBiaoDaHuiDiErCiHuiYiShang2024,
  title = {政府工作报告——2024年3月5日在第十四届全国人民代表大会第二次会议上},
  author = {{李强}},
  date = {2024-03},
  edition = {2024年3月第1版},
  publisher = {人民出版社},
  isbn = {978-7-01-026433-2},
  langid = {chinese},
  annotation = {CLC: D623}
}

@book{LiQiangZhengFuGongZuoBaoGao2025Nian3Yue5RiZaiDiShiSiJieQuanGuoRenMinDaiBiaoDaHuiDiSanCiHuiYiShang2025,
  title = {政府工作报告——2025年3月5日在第十四届全国人民代表大会第三次会议上},
  author = {{李强}},
  date = {2025-03},
  edition = {2025年3月第1版},
  publisher = {人民出版社},
  isbn = {978-7-01-027168-2},
  langid = {chinese},
  annotation = {CLC: D623}
}

@article{LiRenJunGuangYiJieZhiLunDeLuoJiYuZhengLun2009,
  title = {广义价值论的逻辑与争论},
  author = {{李仁君}},
  date = {2009},
  journaltitle = {海南大学学报（人文社会科学版）},
  volume = {27},
  number = {4},
  pages = {413--418},
  issn = {1004-1710},
  doi = {10.15886/j.cnki.hnus.2009.04.014},
  langid = {chinese},
  annotation = {foundation: 教育部人文社会科学研究一般项目(06JA790028)； 中国博士后科学基金第42批资助项目(20070420789)；\\
download: 119\\
CLC: F014.31\\
dbcode: CJFQ\\
dbname: CJFD2009\\
filename: HNDB200904009}
}

@book{LiRenJunJieZhiLiLun2004,
  title = {价值理论},
  author = {{李仁君}},
  date = {2004-12},
  edition = {2004年12月第1版},
  publisher = {中央文献出版社},
  location = {北京},
  isbn = {7-5073-1716-1},
  langid = {chinese},
  pagetotal = {420}
}

@article{LiuLeYiDuiBiJiaoYouShiYuanLiDeShuangChongWuJiePingXinJieGouJingJiXueYuXinLiSiTeJingJiXueZhiZheng2023,
  title = {对比较优势原理的双重误解——评新结构经济学与新李斯特经济学之争},
  author = {{刘乐易} and {曹越洋} and {蔡继明}},
  date = {2023},
  journaltitle = {经济思想史学刊},
  number = {3},
  pages = {52--82},
  issn = {2096-9627},
  langid = {chinese},
  annotation = {foundation: 国家社会科学基金重大项目“中国特色社会主义政治经济学探索”(批准号：16ZDA241)； 清华大学自主科研项目“中国特色社会主义政治经济学探索”(批准号：20165080065)阶段性成果；\\
download: 502\\
CLC: F740\\
dbcode: CJFQ\\
dbname: CJFDLAST2023\\
filename: JJSK202303002}
}

@article{WeiXingHuaMaKeSiZhuYiZhengZhiJingJiXueDeYanJiuDuiXiangYuShengChanLiDeGuanXi2017,
  title = {马克思主义政治经济学的研究对象与生产力的关系},
  author = {{卫兴华} and {聂大海}},
  date = {2017},
  journaltitle = {经济纵横},
  number = {1},
  pages = {1--7},
  issn = {1007-7685},
  doi = {10.16528/j.cnki.22-1054/f.201701001},
  langid = {chinese},
  annotation = {download: 1850\\
CLC: F091.91\\
dbcode: CJFQ\\
dbname: CJFDLAST2017\\
filename: JJZH201701001}
}

@article{XieFuShengXiFangXueZheGuanYuMaKeSiJieZhiZhuanXingLiLunYanJiuShuPing2000,
  title = {西方学者关于马克思“价值转形”理论研究述评},
  author = {{谢富胜}},
  date = {2000},
  journaltitle = {教学与研究},
  number = {10},
  pages = {19--26},
  issn = {11-1454/G4},
  langid = {chinese},
  annotation = {download: 871\\
CLC: F031.3\\
dbcode: CJFQ\\
dbname: CJFD2000\\
filename: JWDP200010002}
}

@article{XiJinPingJiaKuaiJianSheKeJiQiangGuoShiXianGaoShuiPingKeJiZiLiZiQiang2022,
  title = {加快建设科技强国  实现高水平科技自立自强},
  author = {{习近平}},
  date = {2022},
  journaltitle = {求知},
  number = {5},
  pages = {4--9},
  issn = {1001-8239},
  doi = {10.3969/j.issn.1008-5874.2022.10.004},
  langid = {chinese},
  annotation = {download: 1817\\
CLC: G322\\
CNKICite: (\\
dbcode: CJFQ\\
dbname: CJFDLAST2022\\
filename: QZYT202205001}
}

@article{XiJinPingJingJiSiXiangYanJiuZhongXinXinZhiShengChanLiDeNeiHanTeZhengHeFaZhanChongDian2024,
  entrysubtype = {newspaper},
  title = {新质生产力的内涵特征和发展重点},
  author = {{习近平经济思想研究中心}},
  date = {2024-03-01},
  journaltitle = {人民日报},
  pages = {9},
  url = {http://paper.people.com.cn/rmrb/html/2024-03/01/nw.D110000renmrb_20240301_1-09.htm},
  langid = {chinese}
}

@book{YaDang*SiMiGuoFuLun2015,
  title = {国富论},
  author = {{亚当·斯密}},
  translator = {{郭大力} and {王亚南}},
  date = {2015-06},
  publisher = {商务印书馆},
  isbn = {978-7-100-10884-3},
  langid = {chinese}
}

@article{YangQiaoYuShengChanLiGaiNianCongSiMiDaoMaKeSiDeSiXiangPuXi2013,
  title = {生产力概念:从斯密到马克思的思想谱系},
  author = {{杨乔喻}},
  date = {2013},
  journaltitle = {哲学动态},
  number = {8},
  pages = {33--37},
  issn = {1002-8862},
  url = {https://kns.cnki.net/KCMS/detail/detail.aspx?dbcode=CJFQ&dbname=CJFDHIS2&filename=ZXDT201308006},
  urldate = {2025-03-03},
  langid = {chinese},
  annotation = {foundation: “南京大学优秀博士研究生创新能力提升A计划”资助；\\
download: 1641\\
CLC: A811;F014.1\\
dbcode: CJFQ\\
dbname: CJFDHIS2\\
filename: ZXDT201308006}
}

@book{YanZhiJieXiFangJingJiXueShuoShiJiaoChengDiErBan2013,
  title = {西方经济学说史教程(第二版)},
  author = {{晏智杰} and {王志伟} and {杜丽群}},
  date = {2013-10},
  edition = {2013年10月第2版},
  publisher = {北京大学出版社},
  isbn = {978-7-301-22849-4},
  langid = {chinese},
  annotation = {CLC: F091.3}
}

@article{YinBoGuLaoLaoBaWoDongBeiDeChongYaoShiMingFenLiPuXieDongBeiQuanMianZhenXingXinPianZhang2023,
  entrysubtype = {newspaper},
  title = {牢牢把握东北的重要使命 奋力谱写东北全面振兴新篇章},
  author = {{殷博古}},
  date = {2023-09-10},
  journaltitle = {人民日报},
  pages = {1}
}

@book{YueHan*MeiNaDe*KaiEnSiJiuYeLiXiHeHuoBiTongLunChongYiBen2021,
  title = {就业、利息和货币通论(重译本)},
  author = {{约翰·梅纳德·凯恩斯}},
  translator = {{高鸿业}},
  date = {2021-10},
  edition = {2021年10月第1版},
  publisher = {商务印书馆},
  isbn = {978-7-100-20243-5},
  langid = {chinese},
  annotation = {CLC: F091.348}
}

@book{YueSeFu*XiongBiTeJingJiFenXiShiDi1Juan2017,
  title = {经济分析史.第1卷},
  author = {{约瑟夫·熊彼特}},
  translator = {{朱泱} and {孙鸿敞} and {李宏} and {陈锡龄}},
  date = {2017-12},
  edition = {2017年12月第1版},
  publisher = {商务印书馆},
  isbn = {978-7-100-14193-2}
}

@book{YueSeFu*XiongBiTeJingJiFenXiShiDi2Juan,
  title = {经济分析史.第2卷},
  author = {{约瑟夫·熊彼特}},
  translator = {{杨敬年}},
  edition = {2017年12月第1版},
  publisher = {商务印书馆},
  isbn = {978-7-100-14194-9}
}

@article{ZhangLinXinZhiShengChanLiDeNeiHanTeZhengLiLunChuangXinYuJieZhiYiYun2023,
  title = {新质生产力的内涵特征、理论创新与价值意蕴},
  author = {{张林} and {蒲清平}},
  date = {2023},
  journaltitle = {重庆大学学报（社会科学版）},
  volume = {29},
  number = {6},
  pages = {137--148},
  issn = {1008-5831},
  langid = {chinese},
  annotation = {foundation: 2022年度国家社会科学基金高校思想政治理论课研究专项“高校课程思政教学理论与实践研究”(22VSZ022)； 中央高校基本科研业务费项目“伟大建党精神融入思想政治教育的逻辑与路径”(2022CDJSKZX03)；\\
download: 38882\\
CLC: F124\\
CNKICite: (\\
dbcode: CJFQ\\
dbname: CJFDLAST2024\\
filename: CDSK202306010}
}

@book{ZhongGongZhongYangMaKeSiEnGeSiLieNingSiDaLinZhuZuoBianYiJuMaKeSiEnGeSiQuanJiDi13Juan1962,
  title = {马克思恩格斯全集.第13卷},
  editor = {{中共中央马克思恩格斯列宁斯大林著作编译局}},
  date = {1962-11},
  edition = {1962年11月第1版},
  publisher = {人民出版社},
  langid = {chinese}
}

@book{ZhongGongZhongYangMaKeSiEnGeSiLieNingSiDaLinZhuZuoBianYiJuMaKeSiEnGeSiWenJiDi1Juan2009,
  title = {马克思恩格斯文集.第1卷},
  editor = {{中共中央马克思恩格斯列宁斯大林著作编译局}},
  date = {2009-12},
  edition = {2009年12月第1版},
  publisher = {人民出版社},
  isbn = {978-7-01-008461-9},
  langid = {chinese}
}

@book{ZhongGongZhongYangMaKeSiEnGeSiLieNingSiDaLinZhuZuoBianYiJuMaKeSiEnGeSiWenJiDi5Juan2009,
  title = {马克思恩格斯文集.第5卷},
  editor = {{中共中央马克思恩格斯列宁斯大林著作编译局}},
  date = {2009-12},
  edition = {2009年12月第1版},
  publisher = {人民出版社},
  isbn = {978-7-01-008458-9},
  langid = {chinese}
}

@book{ZhongGongZhongYangMaKeSiEnGeSiLieNingSiDaLinZhuZuoBianYiJuMaKeSiEnGeSiWenJiDi6Juan2009,
  title = {马克思恩格斯文集.第6卷},
  editor = {{中共中央马克思恩格斯列宁斯大林著作编译局}},
  date = {2009-12},
  edition = {2009年12月第1版},
  publisher = {人民出版社},
  isbn = {978-7-01-008454-1},
  langid = {chinese}
}

@book{ZhongGongZhongYangMaKeSiEnGeSiLieNingSiDaLinZhuZuoBianYiJuMaKeSiEnGeSiWenJiDi7Juan2009,
  title = {马克思恩格斯文集.第7卷},
  editor = {{中共中央马克思恩格斯列宁斯大林著作编译局}},
  date = {2009-12},
  edition = {2009年12月第1版},
  publisher = {人民出版社},
  isbn = {978-7-01-008460-2},
  langid = {chinese}
}

@book{ZhongGuoGongChanDangDiErShiJieZhongYangWeiYuanHuiDiSanCiQuanTiHuiYiGongBao2024,
  title = {中国共产党第二十届中央委员会第三次全体会议公报},
  date = {2024-07},
  publisher = {人民出版社},
  isbn = {978-7-01-026749-4},
  langid = {chinese},
  annotation = {CLC: D220}
}

@article{ZhouWenLunXinZhiShengChanLiNeiHanTeZhengYuChongYaoZhaoLiDian2023,
  title = {论新质生产力：内涵特征与重要着力点},
  author = {{周文} and {许凌云}},
  date = {2023},
  journaltitle = {改革},
  number = {10},
  pages = {1--13},
  issn = {1003-7543},
  langid = {chinese},
  annotation = {foundation: 研究阐释党的二十大精神国家社科基金重大项目“构建高水平社会主义市场经济体制的目标与重点任务研究”（23ZDA030）；\\
download: 212312\\
CLC: F124.3\\
CNKICite: (\\
dbcode: CJFQ\\
dbname: CJFDLAST2023\\
filename: REFO202310001}
}
